 @techreport{IEEE1016-1998,
    title = {{IEEE Guide for Software Requirements Specifications}},
    type = {IEEE Std.},
    number = {1016-1998},
    year = {1998},
    institution = {Institute of Electrical and Electronics Engineers},
    doi = {10.1109/IEEESTD.2009.5167255}
 }