@book{identifier,
    author = {John Doe},
    title = {Introduction to Systems},
    year = {2022},
    publisher = {Springer}
}